@article{nelder1965simplex,
  title={A simplex method for function minimization},
  author={Nelder, John A and Mead, Roger},
  journal={The computer journal},
  volume={7},
  number={4},
  pages={308--313},
  year={1965},
  publisher={Br Computer Soc}
}

@article{zaremba1966good,
  title={Good lattice points, discrepancy, and numerical integration},
  author={Zaremba, SK},
  journal={Annali di matematica pura ed applicata},
  volume={73},
  number={1},
  pages={293--317},
  year={1966},
  publisher={Springer}
}

@article{conroy1967molecular,
  title={Molecular Schr{\"o}dinger equation. VIII. A new method for the evaluation of multidimensional integrals},
  author={Conroy, Harold},
  journal={The Journal of Chemical Physics},
  volume={47},
  number={12},
  pages={5307--5318},
  year={1967},
  publisher={AIP Publishing}
}

@article{cheng1973investigations,
  title={Investigations of a nonrandom numerical method for multidimensional integration},
  author={Cheng, Vera B and Suzukawa Jr, Henry H and Wolfsberg, Max},
  journal={The Journal of Chemical Physics},
  volume={59},
  number={8},
  pages={3992--3999},
  year={1973},
  publisher={AIP Publishing}
}

@article{eden2003computer,
  title={Computer simulations in solid-state NMR. III. Powder averaging},
  author={Ed{\'e}n, Mattias},
  journal={Concepts in Magnetic Resonance Part A},
  volume={18},
  number={1},
  pages={24--55},
  year={2003},
  publisher={Wiley Online Library}
}


@article{balsgart2012fast,
title = "Fast Forward Maximum entropy reconstruction of sparsely sampled data",
journal = "J. Magn. Reson.",
volume = "223",
number = "",
pages = "164 - 169",
year = "2012",
note = "",
doi = "http://dx.doi.org/10.1016/j.jmr.2012.07.002",
url = "http://www.sciencedirect.com/science/article/pii/S1090780712002364",
author = "Nicholas M. Balsgart and Thomas Vosegaard",
}

@Article{Bak2000SIMPSON,
  author    = {Bak, Mads and Rasmussen, Jimmy T and Nielsen, Niels Chr},
  title     = {SIMPSON: A General Simulation Program for Solid-State NMR Spectroscopy},
  journal   = {J. Magn. Reson.},
  year      = {2000},
  volume    = {147},
  number    = {2},
  pages     = {296--330},
  month     = {Dec},
  doi       = {10.1006/jmre.2000.2179},
  file      = {Published version:Bak2000SIMPSON.pdf:PDF},
  publisher = {Elsevier BV},
  timestamp = {2014.12.09},
  url       = {http://dx.doi.org/10.1006/jmre.2000.2179},
}

@Article{Tosner2014Computer,
  author    = {To{\v{s}}ner, ZdenÄk and Andersen, Rasmus and Stevensson, Baltzar and Ed{\'{e}}n, Mattias and Nielsen, Niels Chr. and Vosegaard, Thomas},
  title     = {Computer-intensive simulation of solid-state NMR experiments using SIMPSON},
  journal   = {J. Magn. Reson.},
  year      = {2014},
  volume    = {246},
  pages     = {79--93},
  month     = {Sep},
  doi       = {10.1016/j.jmr.2014.07.002},
  file      = {Published version:Tosner2014Computer.pdf:PDF},
  publisher = {Elsevier BV},
  timestamp = {2014.12.05},
  url       = {http://dx.doi.org/10.1016/j.jmr.2014.07.002},
}

@Article{Tosner2009Optimal,
  Title                    = {Optimal control in NMR spectroscopy: Numerical implementation in SIMPSON},
  Author                   = {To{\v{s}}ner, ZdenÄk and Vosegaard, Thomas and Kehlet, Cindie and Khaneja, Navin and Glaser, Steffen J. and Nielsen, Niels Chr.},
  Journal                  = {J. Magn. Reson.},
  Year                     = {2009},

  Month                    = {Apr},
  Number                   = {2},
  Pages                    = {120-134},
  Volume                   = {197},

  Doi                      = {10.1016/j.jmr.2008.11.020},
  File                     = {Published version:Tosner2009Optimal.pdf:PDF;Supplementary data:home/wfranssen/Documents/Literatuur/JabRef/Tosner2009OptimalSUB.pdf:PDF},
  Publisher                = {Elsevier BV},
  Timestamp                = {2014.12.05},
  Url                      = {http://dx.doi.org/10.1016/j.jmr.2008.11.020}
}


@Article{Grimminck2011Easy,
  title={EASY-GOING deconvolution: Combining accurate simulation and evolutionary algorithms for fast deconvolution of solid-state quadrupolar NMR spectra},
  author={Grimminck, Dennis L A G and Polman, Ben J W and Kentgens, Arno P M and Meerts, W Leo},
  journal={J. Magn. Reson.},
  volume={211},
  number={2},
  pages={114--120},
  year={2011},
  publisher={Elsevier}
}

@article{kumaresan1982estimating,
  title={Estimating the parameters of exponentially damped sinusoids and pole-zero modeling in noise},
  author={Kumaresan, Ramdas and Tufts, Donald},
  journal={IEEE transactions on acoustics, speech, and signal processing},
  volume={30},
  number={6},
  pages={833--840},
  year={1982},
  publisher={IEEE}
}


